@proceedings{Virtual,
  url = {\url{https://www.etymonline.com/search?q=virtual}},
  year = {2019},
}

@book{TheatreAndItsDouble,
  title = {The Threatre and its Double},
  author = {Antonin Artaud},
  notes = {Translated by Mary Caroline Richands},
  year = {1938},
}

@Misc{LeapArticle,
  title = {How does the Leap Motion Controller Work?},
  author = {Alex Colgan},
  url = {http://blog.leapmotion.com/hardware-to-software-how-does-the-leap-motion-controller-work/},
  year = {2014},
}

@misc{RX_intro,
  url = {\url{http://reactivex.io/intro.html}},
  year = {2019},
}

@book{Gestures,
  author = {Kendon Adam},
  year = {2004},
  title = {Gesture: Visible Action as Utterance},
  publisher = {Cambridge University Press},
  isbn = {0-521-83525-9},
}

@inbook{Krauss,
  author = {Robert M. Krauss et al.},
  year = {2001},
  title = {Lexical Gestures and Lexical Access: A Process Model},
  booktitle = {Language and gesture},
  pages = {261-283},
  publisher = {Cambridge University Press},
}

