@Misc{rx,
  title = {ReactiveX},
  annote =       {URL},
  url = {http://reactivex.io},
  year = {2019},
}

@Misc{SteamVR,
title = {SteamVR},
author = {Valve Corporation},
year = {2019},
url = {https://store.steampowered.com/steamvr},
}

@Misc{LMAPI,
title = {LeapMotion Developer - Using the Tracking API},
author = {Leap Motion Inc.},
year = {2019},
url = {https://developer-archive.leapmotion.com/documentation/python/devguide/Leap_Guides2.html},
}

@Misc{LMUAPI,
title = {LeapMotion Developer - Unity},
author = {Leap Motion Inc.},
year = {2019},
url = {https://developer.leapmotion.com/unity/},
}

@Misc{Orion,
author = {VRFocus},
day = {18},
month = {04},
year = {2016},
url = {https://www.vrfocus.com/2016/02/leap-motion-announces-orion-for-faster-more-accurate-vr-hand-tracking},
}

@Misc{zuhlke,
title = {Gesture recognition with Leap Motion controller and Reactive Extensions},
author = {Jewgeni Horn},
day = {9},
month = {04},
year = {2014},
url = {https://www.zuehlke.com/blog/en/gesture-recognition-with-leap-motion-controller-and-reactive-extensions/},
}

@InBook{DPEROOS,
author = {Erich Gamma, Richard Helm, Ralph Johnson and John Vlissides},
year = {1994},
title = {Design Patterns: Elements of Reusable Object-Oriented Software},
isbn = {0-201-63361-2},
pages = {293},
}

@InBook{ReactiveUI,
  title={You, I, and ReactiveUI},
  author={Boogaart, K.},
  isbn={9781388578367},
  url={https://kent-boogaart.com/you-i-and-reactiveui/},
  year={2018},
  publisher={Blurb, Incorporated}
}

@Misc{LeapArticle,
title = {How does the Leap Motion Controller Work?},
author = {Alex Colgan},
url = {http://blog.leapmotion.com/hardware-to-software-how-does-the-leap-motion-controller-work/},
year = {2014},
}

@article {3149,
	title = {Evaluation of the Leap Motion Controller as a New Contact-Free  Pointing Device},
	journal = {Sensors},
	volume = {15},
	year = {2015},
	note = {Publikation},
	pages = {214-233},
	doi = {10.3390/s150100214},
	author = {Bachmann, Daniel and Weichert, Frank and Rinkenauer, Gerhard}
}

@article {Pop,
	title = {Gesture-based Visual Analytics in Virtual Reality},
	journal = {Revista Romana de Interactiune Om-Calculator},
	volume = {10},
	issue = {3},
	year = {2017},
	pages = {216-230},
	author = {Pop, Mihai and Sabou, Adrian}
}

@INPROCEEDINGS{Khundam, 
author={C. {Khundam}}, 
booktitle={2015 12th International Joint Conference on Computer Science and Software Engineering (JCSSE)}, 
title={First person movement control with palm normal and hand gesture interaction in virtual reality}, 
year={2015}, 
volume={}, 
number={}, 
pages={325-330}, 
keywords={avatars;digital simulation;gesture recognition;human computer interaction;motion control;first person movement control;palm normal;hand gesture interaction;virtual reality;multimedia;physical presence simulation;walk-through VR;simulation character;avatar;human-computer interaction;Oculus Rift;Leap Motion new technological devices;small display optic;Unity3D game engine;Games;Three-dimensional displays;Avatars;Tracking;Computers;Engines;Headphones;Virtual Reality;Human - Computer Interaction;Head - Mounted Display;In - Air Controller;Game Engine}, 
doi={10.1109/JCSSE.2015.7219818}, 
ISSN={}, 
month={July},}

@Article{Vaitkevicius,
AUTHOR = {Vaitkevičius, Aurelijus and Taroza, Mantas and Blažauskas, Tomas and Damaševičius, Robertas and Maskeliūnas, Rytis and Woźniak, Marcin},
TITLE = {Recognition of American Sign Language Gestures in a Virtual Reality Using Leap Motion},
JOURNAL = {Applied Sciences},
VOLUME = {9},
YEAR = {2019},
NUMBER = {3},
ARTICLE-NUMBER = {445},
URL = {https://www.mdpi.com/2076-3417/9/3/445},
ISSN = {2076-3417},
DOI = {10.3390/app9030445}
}

@article{Kerefeyn,
author = {Kerefeyn, Stoyan and Maleshkov, Stoyan},
year = {2015},
month = {10},
pages = {52-57},
title = {Manipulation of virtual objects through a LeapMotion optical sensor},
volume = {12},
journal = {International Journal of Computer Science Issues}
}