@Misc{LeapArticle,
  title = {How does the Leap Motion Controller Work?},
  author = {Alex Colgan},
  url = {http://blog.leapmotion.com/hardware-to-software-how-does-the-leap-motion-controller-work/},
  year = {2014},
}

@book{Gestures,
  author = {Kendon Adam},
  year = {2004},
  title = {Gesture: Visible Action as Utterance},
  publisher = {Cambridge University Press},
  isbn = {0-521-83525-9},
}

@inbook{Krauss,
  author = {Robert M. Krauss et al.},
  year = {2001},
  title = {Lexical Gestures and Lexical Access: A Process Model},
  booktitle = {Language and gesture},
  pages = {261-283},
  publisher = {Cambridge University Press},
}

@article{VRAR,
  title = {Virtual and Augmented Reality: The Next Big Computing Platform?},
  journal = {Goldman Sachs},
  date = {2016-02-09},
}

@article{Parkinsons,
  title = {Virtual reality for rehabilitation in Parkinson's disease},
  author = {Kim Dockx et al.},
  publisher = {Update Software},
  journal = {Cochrane Database of SYstematic Reviews},
  volume = {2016},
  year = {2016},
  pages = {1-50},
}

@misc{LMAPI,
  title = {LeapMotion Developer - Using the Tracking API},
  author = {Leap Motion Inc.},
  year = {2019},
  url = {https://developer-archive.leapmotion.com/documentation/python/devguide/Leap\_Guides2.html},
}

@misc{MonoBeh,
  title = {MonoBehaviour Script},
  author = {Untiy},
  url = {https://docs.unity3d.com/ScriptReference/MonoBehaviour.html},
}

@article{FlightSim,
  author = {O. Dourado, Antonio},
  year = {2013},
  month = {10},
  pages = {79-82},
  title = {New concept of dynamic flight simulator, Part I},
  volume = {30},
  journal = {Aerospace Science and Technology},
  doi = {10.1016/j.ast.2013.07.005}
}

@inproceedings{Bridges,
  author = {Omer, Muhammad and Hewitt, Sam and Hadi Mosleh, Mojgan and Margetts, Lee and Parwaiz, Muhammad},
  year = {2018},
  month = {06},
  pages = {},
  title = {Performance evaluation of bridges using virtual reality}
}

@article{Heritage,
  author = {Pletinckx, Daniel and Callebaut, Dirk and Killebrew, Ann and Silberman, Neil},
  year = {2000},
  month = {05},
  pages = {45 - 48},
  title = {Virtual-Reality Heritage Presentation at Ename},
  volume = {7},
  journal = {IEEE Transactions on Multimedia},
  doi = {10.1109/93.848427}
}

@article{Zimmerman:1986:HGI:1165387.275628,
 author = {Zimmerman, Thomas G. and Lanier, Jaron and Blanchard, Chuck and Bryson, Steve and Harvill, Young},
 title = {A Hand Gesture Interface Device},
 journal = {SIGCHI Bull.},
 issue_date = {April 1987},
 volume = {18},
 number = {4},
 month = may,
 year = {1986},
 issn = {0736-6906},
 pages = {189--192},
 numpages = {4},
 url = {http://doi.acm.org/10.1145/1165387.275628},
 doi = {10.1145/1165387.275628},
 acmid = {275628},
 publisher = {ACM},
 address = {New York, NY, USA},
 keywords = {gesture recognition, human interface, motor interface, tactile interface, user interface},
}

@inproceedings{DepthCamera,
  author = {Liu, Yang and Jia, Yunde},
  year = {2005},
  month = {01},
  pages = {472- 475},
  title = {A robust hand tracking and gesture recognition method for wearable visual interfaces and its applications},
  isbn = {0-7695-2244-0},
  doi = {10.1109/ICIG.2004.24}
}

@inproceedings{StereoCamera,
  author = {Lee, Kue-Bum and Kim, Jung and Hong, Kwang-Seok},
  year = {2007},
  month = {09},
  pages = {759-768},
  title = {An Implementation of Multi-Modal Game Interface Based on PDAs},
  isbn = {0-7695-2867-8},
  doi = {10.1109/SERA.2007.48}
}

@Misc{zuhlke,
  title = {Gesture recognition with Leap Motion controller and Reactive Extensions},
  author = {Jewgeni Horn},
  day = {9},
  month = {04},
  year = {2014},
  url = {https://www.zuehlke.com/blog/en/gesture-recognition-with-leap-motion-controller-and-reactive-extensions/},
}

@article {Pop,
	title = {Gesture-based Visual Analytics in Virtual Reality},
	journal = {Revista Romana de Interactiune Om-Calculator},
	volume = {10},
	issue = {3},
	year = {2017},
	pages = {216-230},
	author = {Pop, Mihai and Sabou, Adrian}
}

@INPROCEEDINGS{Khundam, 
  author={C. {Khundam}}, 
  booktitle={2015 12th International Joint Conference on Computer Science and Software Engineering (JCSSE)}, 
  title={First person movement control with palm normal and hand gesture interaction in virtual reality}, 
  year={2015}, 
  volume={}, 
  number={}, 
  pages={325-330}, 
  keywords={avatars;digital simulation;gesture recognition;human computer interaction;motion control;first person movement control;palm normal;hand gesture interaction;virtual reality;multimedia;physical presence simulation;walk-through VR;simulation character;avatar;human-computer interaction;Oculus Rift;Leap Motion new technological devices;small display optic;Unity3D game engine;Games;Three-dimensional displays;Avatars;Tracking;Computers;Engines;Headphones;Virtual Reality;Human - Computer Interaction;Head - Mounted Display;In - Air Controller;Game Engine}, 
  doi={10.1109/JCSSE.2015.7219818}, 
  ISSN={}, 
  month={July},
}

@Article{Vaitkevicius,
  AUTHOR = {Vaitkevičius, Aurelijus and Taroza, Mantas and Blažauskas, Tomas and Damaševičius, Robertas and Maskeliūnas, Rytis and Woźniak, Marcin},
  TITLE = {Recognition of American Sign Language Gestures in a Virtual Reality Using Leap Motion},
  JOURNAL = {Applied Sciences},
  VOLUME = {9},
  YEAR = {2019},
  NUMBER = {3},
  ARTICLE-NUMBER = {445},
  URL = {https://www.mdpi.com/2076-3417/9/3/445},
  ISSN = {2076-3417},
  DOI = {10.3390/app9030445}
}

@article{Kerefeyn,
  author = {Kerefeyn, Stoyan and Maleshkov, Stoyan},
  year = {2015},
  month = {10},
  pages = {52-57},
  title = {Manipulation of virtual objects through a LeapMotion optical sensor},
  volume = {12},
  journal = {International Journal of Computer Science Issues}
}